<record><leader>00000cas a22000007a 4500</leader><controlfield tag="001">10694154</controlfield><controlfield tag="008">840505u1856uuuumduwr ne      0    0eng d</controlfield><datafield ind1=" " ind2=" " tag="010"><subfield code="a">sn 84026770 </subfield></datafield><datafield ind1=" " ind2=" " tag="040"><subfield code="a">NPU</subfield><subfield code="b">eng</subfield><subfield code="c">NPU</subfield><subfield code="d">OCL</subfield><subfield code="d">OCLCQ</subfield></datafield><datafield ind1=" " ind2=" " tag="042"><subfield code="a">msc</subfield></datafield><datafield ind1="0" ind2=" " tag="130"><subfield code="a">National guard (Lancaster, Pa. : 1856, 1861)</subfield></datafield><datafield ind1="1" ind2="0" tag="245"><subfield code="a">National guard.</subfield></datafield><datafield ind1=" " ind2=" " tag="260"><subfield code="a">Lancaster, Pa. :</subfield><subfield code="b">Lt. Robert B. Quayle</subfield></datafield><datafield ind1=" " ind2=" " tag="300"><subfield code="a">v. :</subfield><subfield code="b">ill. ;</subfield><subfield code="c">21-24 cm.</subfield></datafield><datafield ind1=" " ind2=" " tag="310"><subfield code="a">Weekly</subfield></datafield><datafield ind1=" " ind2=" " tag="321"><subfield code="a">Daily</subfield></datafield><datafield ind1="1" ind2=" " tag="362"><subfield code="a">Began July 1856.</subfield></datafield><datafield ind1=" " ind2=" " tag="500"><subfield code="a">Title appears within logo.</subfield></datafield><datafield ind1=" " ind2=" " tag="500"><subfield code="a">Begining date based on Vol. 2, no. 1 (June 26, 1861).</subfield></datafield><datafield ind1=" " ind2=" " tag="500"><subfield code="a">Originally published at Camp McClellan, Lancaster, Pa. and later published at Camp Pennsylvania, Baltimore, Md.</subfield></datafield><datafield ind1=" " ind2=" " tag="515"><subfield code="a">Suspended from 1856-1861?</subfield></datafield><datafield ind1=" " ind2=" " tag="588"><subfield code="a">Description based on: July 3, 1856.</subfield></datafield><datafield ind1=" " ind2=" " tag="752"><subfield code="a">United States</subfield><subfield code="b">Pennsylvania</subfield><subfield code="c">Lancaster</subfield><subfield code="d">Lancaster.</subfield></datafield><datafield ind1=" " ind2=" " tag="752"><subfield code="a">United States</subfield><subfield code="b">Maryland</subfield><subfield code="d">Baltimore.</subfield></datafield></record>